@Book{xie2015,
  title = {Dynamic Documents with {R} and knitr},
  author = {Yihui Xie},
  publisher = {Chapman and Hall/CRC},
  address = {Boca Raton, Florida},
  year = {2015},
  edition = {2nd},
  note = {ISBN 978-1498716963},
  url = {http://yihui.name/knitr/},
}

@Book{hadley,
  title = {{R} for Data Science},
  author = {{Garrett Grolemund}, {Hadley Wickham}},
  year = {2015},
  url = {https://r4ds.had.co.nz},
}

@Book{xie2019,
  title = {bookdown: Authoring Books and Technical Documents with R Markdown},
  author = {Yihui Xie},
  year = {2019},
  url = {https://bookdown.org/yihui/bookdown/},
}

@Manual{wikiR,
  title = {R (Programming Language)},
  url = {https://en.wikipedia.org/wiki/R_(programming_language)},
}

@Book{teetor2011,
  title = {R Cookbook},
  author = {Paul Teetor},
  publisher = {Oâ€™Reilly Media, Inc.},
  address = {Sebastopol, California},
  year = {2011},
  note = {ISBN 978-0-596-80915-7},
}

